<?xml version="1.0" encoding="UTF-8"?><collection xmlns="http://www.loc.gov/MARC21/slim"><record><leader>00416nam--2200133-i-4500</leader><controlfield tag="001">000011328</controlfield><controlfield tag="002">20161230</controlfield><controlfield tag="005">20161230201029</controlfield><controlfield tag="008">060222s1000------------r-----000-0-eng-d</controlfield><datafield ind1=" " ind2=" " tag="080"><subfield code="a">541.12(043):54.07(043)</subfield></datafield><datafield ind1=" " ind2=" " tag="100"><subfield code="a">Cheung, Jih-jen Joe</subfield></datafield><datafield ind1=" " ind2=" " tag="245"><subfield code="a">The synthesis and reactions of tricyclo-(5.3.0 .0.2,8)deca-3,5,9-triene</subfield></datafield><datafield ind1=" " ind2=" " tag="260"><subfield code="a">Ann Arbor, Michigan, University Microfilms Co. , 1971. Iv + 129 P</subfield></datafield><datafield ind1=" " ind2=" " tag="852"><subfield code="a">42021</subfield></datafield></record></collection>